@book{womak:lean-thinking,
    author  = {James P. Womack, Daniel T. Jones},
    title   = {Lean Thinking, Second Editon},
    publisher = {Simon \& Schuster, Inc.},
    year    = {2010}
}

@online{site:alfresco-prerequisites,
    title   = {Prerequisiti per l'installazione dell'Alfresco SDK},
    url     = {http://docs.alfresco.com/sdk2.1/concepts/alfresco-sdk-installing-prerequisite-software.html}
}
@online{site:alfresco-rad,
    title   = {Guida al RAD in Alfresco},
    url     = {http://docs.alfresco.com/sdk2.1/concepts/alfresco-sdk-rad.html}
}
@online{site:alfresco-jdbc,
    title   = {Guida per installare librerie ulteriori nell'Alfresco SDK},
    url     = {https://community.alfresco.com/thread/213317-sdk-21-including-third-party-jar-libraries}
}
@online{site:alfresco-bean,
    title   = {Guida per configurare i bean nell'Alfresco SDK},
    url     = {http://docs.alfresco.com/community/tasks/bean-config.html}
}
@online{site:alfresco-doclib,
    title   = {Aggiunta di voci di menu in Alfresco},
    url    ={http://docs.alfresco.com/5.0/tasks/dev-extensions-share-tutorials-add-menuitem-create-menu.html}
}